@preamble{ "\newcommand{\noopsort}[1]{} "
	# "\newcommand{\printfirst}[2]{#1} "
	# "\newcommand{\singleletter}[1]{#1} "
	# "\newcommand{\switchargs}[2]{#2#1} " }

@manual{vmware1,
      title  = "Using {\LaTeX} for Your Thesis",
      author = "Mark Senn",
      url    = "http://engineering.purdue.edu/~mark/puthesis",
      year   = "2009 (accessed July 23, 2009)"
    }

@ARTICLE{article-minimal,
   author = {L[eslie] A. Aamport},
   title = {The Gnats and Gnus Document Preparation System},
   journal = {\mbox{G-Animal's} Journal},
   year = 1986,
}

@ARTICLE{article-full,
   author = {L[eslie] A. Aamport},
   title = {The Gnats and Gnus Document Preparation System},
   journal = {\mbox{G-Animal's} Journal},
   year = 1986,
   volume = 41,
   number = 7,
   pages = "73+",
   month = jul,
   note = "This is a full ARTICLE entry",
}

The KEY field is here to override the KEY field in the journal being
cross referenced (so is the NOTE field, in addition to its imparting
information).

@ARTICLE{article-crossref,
   crossref = {WHOLE-JOURNAL},
   key = "",
   author = {L[eslie] A. Aamport},
   title = {The Gnats and Gnus Document Preparation System},
   pages = "73+",
   note = "This is a cross-referencing ARTICLE entry",
}

@ARTICLE{whole-journal,
   key = "GAJ",
   journal = {\mbox{G-Animal's} Journal},
   year = 1986,
   volume = 41,
   number = 7,
   month = jul,
   note = {The entire issue is devoted to gnats and gnus
		(this entry is a cross-referenced ARTICLE (journal))},
}

@INBOOK{inbook-minimal,
   author = "Donald E. Knuth",
   title = "Fundamental Algorithms",
   publisher = "Addison-Wesley",
   year = "{\noopsort{1973b}}1973",
   chapter = "1.2",
}

@INBOOK{inbook-full,
   author = "Donald E. Knuth",
   title = "Fundamental Algorithms",
   volume = 1,
   series = "The Art of Computer Programming",
   publisher = "Addison-Wesley",
   address = "Reading, Massachusetts",
   edition = "Second",
   month = "10~" # jan,
   year = "{\noopsort{1973b}}1973",
   type = "Section",
   chapter = "1.2",
   pages = "10--119",
   note = "This is a full INBOOK entry",
}

@INBOOK{inbook-crossref,
   crossref = "whole-set",
   title = "Fundamental Algorithms",
   volume = 1,
   series = "The Art of Computer Programming",
   edition = "Second",
   year = "{\noopsort{1973b}}1973",
   type = "Section",
   chapter = "1.2",
   note = "This is a cross-referencing INBOOK entry",
}

@BOOK{book-minimal,
   author = "Donald E. Knuth",
   title = "Seminumerical Algorithms",
   publisher = "Addison-Wesley",
   year = "{\noopsort{1973c}}1981",
}

@BOOK{book-full,
   author = "Donald E. Knuth",
   title = "Seminumerical Algorithms",
   volume = 2,
   series = "The Art of Computer Programming",
   publisher = "Addison-Wesley",
   address = "Reading, Massachusetts",
   edition = "Second",
   month = "10~" # jan,
   year = "{\noopsort{1973c}}1981",
   note = "This is a full BOOK entry",
}

@BOOK{book-crossref,
   crossref = "whole-set",
   title = "Seminumerical Algorithms",
   volume = 2,
   series = "The Art of Computer Programming",
   edition = "Second",
   year = "{\noopsort{1973c}}1981",
   note = "This is a cross-referencing BOOK entry",
}

@BOOK{whole-set,
   author = "Donald E. Knuth",
   publisher = "Addison-Wesley",
   title = "The Art of Computer Programming",
   series = "Four volumes",
   year = "{\noopsort{1973a}}{\switchargs{--90}{1968}}",
   note = "Seven volumes planned (this is a cross-referenced set of BOOKs)",
}

@BOOKLET{booklet-minimal,
   key = "Kn{\printfirst{v}{1987}}",
   title = "The Programming of Computer Art",
}

@BOOKLET{booklet-full,
   author = "Jill C. Knvth",
   title = "The Programming of Computer Art",
   howpublished = "Vernier Art Center",
   address = "Stanford, California",
   month = feb,
   year = 1988,
   note = "This is a full BOOKLET entry",
}

@INCOLLECTION{incollection-minimal,
   author = "Daniel D. Lincoll",
   title = "Semigroups of Recurrences",
   booktitle = "High Speed Computer and Algorithm Organization",
   publisher = "Academic Press",
   year = 1977,
}

@INCOLLECTION{incollection-full,
   author = "Daniel D. Lincoll",
   title = "Semigroups of Recurrences",
   editor = "David J. Lipcoll and D. H. Lawrie and A. H. Sameh",
   booktitle = "High Speed Computer and Algorithm Organization",
   number = 23,
   series = "Fast Computers",
   chapter = 3,
   type = "Part",
   pages = "179--183",
   publisher = "Academic Press",
   address = "New York",
   edition = "Third",
   month = sep,
   year = 1977,
   note = "This is a full INCOLLECTION entry",
}

@INCOLLECTION{incollection-crossref,
   crossref = "whole-collection",
   author = "Daniel D. Lincoll",
   title = "Semigroups of Recurrences",
   pages = "179--183",
   note = "This is a cross-referencing INCOLLECTION entry",
}

@BOOK{whole-collection,
   editor = "David J. Lipcoll and D. H. Lawrie and A. H. Sameh",
   title = "High Speed Computer and Algorithm Organization",
   booktitle = "High Speed Computer and Algorithm Organization",
   number = 23,
   series = "Fast Computers",
   publisher = "Academic Press",
   address = "New York",
   edition = "Third",
   month = sep,
   year = 1977,
   note = "This is a cross-referenced BOOK (collection) entry",
}

@MANUAL{manual-minimal,
   key = "Manmaker",
   title = "The Definitive Computer Manual",
}

@MANUAL{manual-full,
   author = "Larry Manmaker",
   title = "The Definitive Computer Manual",
   organization = "Chips-R-Us",
   address = "Silicon Valley",
   edition = "Silver",
   month = apr # "-" # may,
   year = 1986,
   note = "This is a full MANUAL entry",
}

@MASTERSTHESIS{mastersthesis-minimal,
   author = "{\'{E}}douard Masterly",
   title = "Mastering Thesis Writing",
   school = "Stanford University",
   year = 1988,
}

@MASTERSTHESIS{mastersthesis-full,
   author = "{\'{E}}douard Masterly",
   title = "Mastering Thesis Writing",
   school = "Stanford University",
   type = "Master's project",
   address = "English Department",
   month = jun # "-" # aug,
   year = 1988,
   note = "This is a full MASTERSTHESIS entry",
}

@MISC{misc-minimal,
   key = "Missilany",
   note = "This is a minimal MISC entry",
}

@MISC{misc-full,
   author = "Joe-Bob Missilany",
   title = "Handing out random pamphlets in airports",
   howpublished = "Handed out at O'Hare",
   month = oct,
   year = 1984,
   note = "This is a full MISC entry",
}

@STRING{STOC-key = "OX{\singleletter{stoc}}"}

@STRING{ACM = "The OX Association for Computing Machinery"}

@STRING{STOC = " Symposium on the Theory of Computing"}

@INPROCEEDINGS{inproceedings-minimal,
   author = "Alfred V. Oaho and Jeffrey D. Ullman and Mihalis Yannakakis",
   title = "On Notions of Information Transfer in {VLSI} Circuits",
   booktitle = "Proc. Fifteenth Annual ACM" # STOC,
   year = 1983,
}

@INPROCEEDINGS{inproceedings-full,
   author = "Alfred V. Oaho and Jeffrey D. Ullman and Mihalis Yannakakis",
   title = "On Notions of Information Transfer in {VLSI} Circuits",
   editor = "Wizard V. Oz and Mihalis Yannakakis",
   booktitle = "Proc. Fifteenth Annual ACM" # STOC,
   number = 17,
   series = "All ACM Conferences",
   pages = "133--139",
   month = mar,
   year = 1983,
   address = "Boston",
   organization = ACM,
   publisher = "Academic Press",
   note = "This is a full INPROCEDINGS entry",
}

@INPROCEEDINGS{inproceedings-crossref,
   crossref = "whole-proceedings",
   author = "Alfred V. Oaho and Jeffrey D. Ullman and Mihalis Yannakakis",
   title = "On Notions of Information Transfer in {VLSI} Circuits",
   organization = "",
   pages = "133--139",
   note = "This is a cross-referencing INPROCEEDINGS entry",
}

@PROCEEDINGS{proceedings-minimal,
   key = STOC-key,
   title = "Proc. Fifteenth Annual" # STOC,
   year = 1983,
}

@PROCEEDINGS{proceedings-full,
   editor = "Wizard V. Oz and Mihalis Yannakakis",
   title = "Proc. Fifteenth Annual" # STOC,
   number = 17,
   series = "All ACM Conferences",
   month = mar,
   year = 1983,
   address = "Boston",
   organization = ACM,
   publisher = "Academic Press",
   note = "This is a full PROCEEDINGS entry",
}

@PROCEEDINGS{whole-proceedings,
   key = STOC-key,
   organization = ACM,
   title = "Proc. Fifteenth Annual" # STOC,
   address = "Boston",
   year = 1983,
   booktitle = "Proc. Fifteenth Annual ACM" # STOC,
   note = "This is a cross-referenced PROCEEDINGS",
}

@PHDTHESIS{phdthesis-minimal,
   author = "F. Phidias Phony-Baloney",
   title = "Fighting Fire with Fire: Festooning {F}rench Phrases",
   school = "Fanstord University",
   year = 1988,
}

@PHDTHESIS{phdthesis-full,
   author = "F. Phidias Phony-Baloney",
   title = "Fighting Fire with Fire: Festooning {F}rench Phrases",
   school = "Fanstord University",
   type = "{PhD} Dissertation",
   address = "Department of French",
   month = jun # "-" # aug,
   year = 1988,
   note = "This is a full PHDTHESIS entry",
}

@TECHREPORT{techreport-minimal,
   author = "Tom Terrific",
   title = "An {$O(n \log n / \! \log\log n)$} Sorting Algorithm",
   institution = "Fanstord University",
   year = 1988,
}

@TECHREPORT{techreport-full,
   author = "Tom T{\'{e}}rrific",
   title = "An {$O(n \log n / \! \log\log n)$} Sorting Algorithm",
   institution = "Fanstord University",
   type = "Wishful Research Result",
   number = "7",
   address = "Computer Science Department, Fanstord, California",
   month = oct,
   year = 1988,
   note = "This is a full TECHREPORT entry",
}

@UNPUBLISHED{unpublished-minimal,
   author = "Ulrich {\"{U}}nderwood and Ned {\~N}et and Paul {\={P}}ot",
   title = "Lower Bounds for Wishful Research Results",
   note = "Talk at Fanstord University (this is a minimal UNPUBLISHED entry)",
}

@UNPUBLISHED{unpublished-full,
   author = "Ulrich {\"{U}}nderwood and Ned {\~N}et and Paul {\={P}}ot",
   title = "Lower Bounds for Wishful Research Results",
   month = nov # ", " # dec,
   year = 1988,
   note = "Talk at Fanstord University (this is a full UNPUBLISHED entry)",
}

@MISC{random-note-crossref,
   key = {Volume-2},
   note = "Volume~2 is listed under Knuth \cite{book-full}"
}

@manual{vmware2,
      title  = "Using {\LaTeX} for Your Thesis",
      author = "Mark Senn",
      url    = "http://engineering.purdue.edu/~mark/puthesis",
      year   = "2009 (accessed July 23, 2009)"
    }
@manual{vmware1,
      title  = "Using {\LaTeX} for Your Thesis",
      author = "Mark Senn",
      url    = "http://engineering.purdue.edu/~mark/puthesis",
      year   = "2009 (accessed July 23, 2009)"
    }

@ARTICLE{article-minimal,
   author = {L[eslie] A. Aamport},
   title = {The Gnats and Gnus Document Preparation System},
   journal = {\mbox{G-Animal's} Journal},
   year = 1986,
}

@ARTICLE{article-full,
   author = {L[eslie] A. Aamport},
   title = {The Gnats and Gnus Document Preparation System},
   journal = {\mbox{G-Animal's} Journal},
   year = 1986,
   volume = 41,
   number = 7,
   pages = "73+",
   month = jul,
   note = "This is a full ARTICLE entry",
}

The KEY field is here to override the KEY field in the journal being
cross referenced (so is the NOTE field, in addition to its imparting
information).

@ARTICLE{article-crossref,
   crossref = {WHOLE-JOURNAL},
   key = "",
   author = {L[eslie] A. Aamport},
   title = {The Gnats and Gnus Document Preparation System},
   pages = "73+",
   note = "This is a cross-referencing ARTICLE entry",
}

@ARTICLE{whole-journal,
   key = "GAJ",
   journal = {\mbox{G-Animal's} Journal},
   year = 1986,
   volume = 41,
   number = 7,
   month = jul,
   note = {The entire issue is devoted to gnats and gnus
		(this entry is a cross-referenced ARTICLE (journal))},
}

@INBOOK{inbook-minimal,
   author = "Donald E. Knuth",
   title = "Fundamental Algorithms",
   publisher = "Addison-Wesley",
   year = "{\noopsort{1973b}}1973",
   chapter = "1.2",
}

@INBOOK{inbook-full,
   author = "Donald E. Knuth",
   title = "Fundamental Algorithms",
   volume = 1,
   series = "The Art of Computer Programming",
   publisher = "Addison-Wesley",
   address = "Reading, Massachusetts",
   edition = "Second",
   month = "10~" # jan,
   year = "{\noopsort{1973b}}1973",
   type = "Section",
   chapter = "1.2",
   pages = "10--119",
   note = "This is a full INBOOK entry",
}

@INBOOK{inbook-crossref,
   crossref = "whole-set",
   title = "Fundamental Algorithms",
   volume = 1,
   series = "The Art of Computer Programming",
   edition = "Second",
   year = "{\noopsort{1973b}}1973",
   type = "Section",
   chapter = "1.2",
   note = "This is a cross-referencing INBOOK entry",
}

@BOOK{book-minimal,
   author = "Donald E. Knuth",
   title = "Seminumerical Algorithms",
   publisher = "Addison-Wesley",
   year = "{\noopsort{1973c}}1981",
}

@BOOK{book-full,
   author = "Donald E. Knuth",
   title = "Seminumerical Algorithms",
   volume = 2,
   series = "The Art of Computer Programming",
   publisher = "Addison-Wesley",
   address = "Reading, Massachusetts",
   edition = "Second",
   month = "10~" # jan,
   year = "{\noopsort{1973c}}1981",
   note = "This is a full BOOK entry",
}

@BOOK{book-crossref,
   crossref = "whole-set",
   title = "Seminumerical Algorithms",
   volume = 2,
   series = "The Art of Computer Programming",
   edition = "Second",
   year = "{\noopsort{1973c}}1981",
   note = "This is a cross-referencing BOOK entry",
}

@BOOK{whole-set,
   author = "Donald E. Knuth",
   publisher = "Addison-Wesley",
   title = "The Art of Computer Programming",
   series = "Four volumes",
   year = "{\noopsort{1973a}}{\switchargs{--90}{1968}}",
   note = "Seven volumes planned (this is a cross-referenced set of BOOKs)",
}

@BOOKLET{booklet-minimal,
   key = "Kn{\printfirst{v}{1987}}",
   title = "The Programming of Computer Art",
}

@BOOKLET{booklet-full,
   author = "Jill C. Knvth",
   title = "The Programming of Computer Art",
   howpublished = "Vernier Art Center",
   address = "Stanford, California",
   month = feb,
   year = 1988,
   note = "This is a full BOOKLET entry",
}

@INCOLLECTION{incollection-minimal,
   author = "Daniel D. Lincoll",
   title = "Semigroups of Recurrences",
   booktitle = "High Speed Computer and Algorithm Organization",
   publisher = "Academic Press",
   year = 1977,
}

@INCOLLECTION{incollection-full,
   author = "Daniel D. Lincoll",
   title = "Semigroups of Recurrences",
   editor = "David J. Lipcoll and D. H. Lawrie and A. H. Sameh",
   booktitle = "High Speed Computer and Algorithm Organization",
   number = 23,
   series = "Fast Computers",
   chapter = 3,
   type = "Part",
   pages = "179--183",
   publisher = "Academic Press",
   address = "New York",
   edition = "Third",
   month = sep,
   year = 1977,
   note = "This is a full INCOLLECTION entry",
}

@INCOLLECTION{incollection-crossref,
   crossref = "whole-collection",
   author = "Daniel D. Lincoll",
   title = "Semigroups of Recurrences",
   pages = "179--183",
   note = "This is a cross-referencing INCOLLECTION entry",
}

@BOOK{whole-collection,
   editor = "David J. Lipcoll and D. H. Lawrie and A. H. Sameh",
   title = "High Speed Computer and Algorithm Organization",
   booktitle = "High Speed Computer and Algorithm Organization",
   number = 23,
   series = "Fast Computers",
   publisher = "Academic Press",
   address = "New York",
   edition = "Third",
   month = sep,
   year = 1977,
   note = "This is a cross-referenced BOOK (collection) entry",
}

@MANUAL{manual-minimal,
   key = "Manmaker",
   title = "The Definitive Computer Manual",
}

@MANUAL{manual-full,
   author = "Larry Manmaker",
   title = "The Definitive Computer Manual",
   organization = "Chips-R-Us",
   address = "Silicon Valley",
   edition = "Silver",
   month = apr # "-" # may,
   year = 1986,
   note = "This is a full MANUAL entry",
}

@MASTERSTHESIS{mastersthesis-minimal,
   author = "{\'{E}}douard Masterly",
   title = "Mastering Thesis Writing",
   school = "Stanford University",
   year = 1988,
}

@MASTERSTHESIS{mastersthesis-full,
   author = "{\'{E}}douard Masterly",
   title = "Mastering Thesis Writing",
   school = "Stanford University",
   type = "Master's project",
   address = "English Department",
   month = jun # "-" # aug,
   year = 1988,
   note = "This is a full MASTERSTHESIS entry",
}

@MISC{misc-minimal,
   key = "Missilany",
   note = "This is a minimal MISC entry",
}

@MISC{misc-full,
   author = "Joe-Bob Missilany",
   title = "Handing out random pamphlets in airports",
   howpublished = "Handed out at O'Hare",
   month = oct,
   year = 1984,
   note = "This is a full MISC entry",
}

@STRING{STOC-key = "OX{\singleletter{stoc}}"}

@STRING{ACM = "The OX Association for Computing Machinery"}

@STRING{STOC = " Symposium on the Theory of Computing"}

@INPROCEEDINGS{inproceedings-minimal,
   author = "Alfred V. Oaho and Jeffrey D. Ullman and Mihalis Yannakakis",
   title = "On Notions of Information Transfer in {VLSI} Circuits",
   booktitle = "Proc. Fifteenth Annual ACM" # STOC,
   year = 1983,
}

@INPROCEEDINGS{inproceedings-full,
   author = "Alfred V. Oaho and Jeffrey D. Ullman and Mihalis Yannakakis",
   title = "On Notions of Information Transfer in {VLSI} Circuits",
   editor = "Wizard V. Oz and Mihalis Yannakakis",
   booktitle = "Proc. Fifteenth Annual ACM" # STOC,
   number = 17,
   series = "All ACM Conferences",
   pages = "133--139",
   month = mar,
   year = 1983,
   address = "Boston",
   organization = ACM,
   publisher = "Academic Press",
   note = "This is a full INPROCEDINGS entry",
}

@INPROCEEDINGS{inproceedings-crossref,
   crossref = "whole-proceedings",
   author = "Alfred V. Oaho and Jeffrey D. Ullman and Mihalis Yannakakis",
   title = "On Notions of Information Transfer in {VLSI} Circuits",
   organization = "",
   pages = "133--139",
   note = "This is a cross-referencing INPROCEEDINGS entry",
}

@PROCEEDINGS{proceedings-minimal,
   key = STOC-key,
   title = "Proc. Fifteenth Annual" # STOC,
   year = 1983,
}

@PROCEEDINGS{proceedings-full,
   editor = "Wizard V. Oz and Mihalis Yannakakis",
   title = "Proc. Fifteenth Annual" # STOC,
   number = 17,
   series = "All ACM Conferences",
   month = mar,
   year = 1983,
   address = "Boston",
   organization = ACM,
   publisher = "Academic Press",
   note = "This is a full PROCEEDINGS entry",
}

@PROCEEDINGS{whole-proceedings,
   key = STOC-key,
   organization = ACM,
   title = "Proc. Fifteenth Annual" # STOC,
   address = "Boston",
   year = 1983,
   booktitle = "Proc. Fifteenth Annual ACM" # STOC,
   note = "This is a cross-referenced PROCEEDINGS",
}

@PHDTHESIS{phdthesis-minimal,
   author = "F. Phidias Phony-Baloney",
   title = "Fighting Fire with Fire: Festooning {F}rench Phrases",
   school = "Fanstord University",
   year = 1988,
}

@PHDTHESIS{phdthesis-full,
   author = "F. Phidias Phony-Baloney",
   title = "Fighting Fire with Fire: Festooning {F}rench Phrases",
   school = "Fanstord University",
   type = "{PhD} Dissertation",
   address = "Department of French",
   month = jun # "-" # aug,
   year = 1988,
   note = "This is a full PHDTHESIS entry",
}

@TECHREPORT{techreport-minimal,
   author = "Tom Terrific",
   title = "An {$O(n \log n / \! \log\log n)$} Sorting Algorithm",
   institution = "Fanstord University",
   year = 1988,
}

@TECHREPORT{techreport-full,
   author = "Tom T{\'{e}}rrific",
   title = "An {$O(n \log n / \! \log\log n)$} Sorting Algorithm",
   institution = "Fanstord University",
   type = "Wishful Research Result",
   number = "7",
   address = "Computer Science Department, Fanstord, California",
   month = oct,
   year = 1988,
   note = "This is a full TECHREPORT entry",
}

@UNPUBLISHED{unpublished-minimal,
   author = "Ulrich {\"{U}}nderwood and Ned {\~N}et and Paul {\={P}}ot",
   title = "Lower Bounds for Wishful Research Results",
   note = "Talk at Fanstord University (this is a minimal UNPUBLISHED entry)",
}

@UNPUBLISHED{unpublished-full,
   author = "Ulrich {\"{U}}nderwood and Ned {\~N}et and Paul {\={P}}ot",
   title = "Lower Bounds for Wishful Research Results",
   month = nov # ", " # dec,
   year = 1988,
   note = "Talk at Fanstord University (this is a full UNPUBLISHED entry)",
}

@MISC{random-note-crossref,
   key = {Volume-2},
   note = "Volume~2 is listed under Knuth \cite{book-full}"
}

@misc{vmwarevdi,
  key = "vmwarevdi",
  title = {{VMware Virtual Desktop Infrastructure}},
  howpublished = "\url{http://www.vmware.com/pdf/virtual_desktop_infrastructure_wp.pdf}",
  year = {2011}, 
  note = "[Accessed 29-July-2011]"
}

@misc{netappstorm,
  key = "netappstorm",
  title = {{VMware Bootstorm on NetApp}},
  howpublished = "\url{http://ctistrategy.com/2009/11/01/vmware-boot-storm-netapp/}",
  year = {2009}, 
  note = "[Accessed 29-July-2011]"
}

@article{waldspurger2002memory,
  title={Memory resource management in VMware ESX server},
  author={Waldspurger, C.A.},
  journal={ACM SIGOPS Operating Systems Review},
  volume={36},
  number={SI},
  pages={181--194},
  year={2002},
  publisher={ACM}
}

@inproceedings{meng2010tide,
  title={Tide: achieving self-scaling in virtualized datacenter management middleware},
  author={Meng, S. and Liu, L. and Soundararajan, V.},
  booktitle={Proceedings of the 11th International Middleware Conference Industrial track},
  pages={17--22},
  year={2010},
  organization={ACM}
}

@inproceedings{hansen2010lithium,
  title={Lithium: virtual machine storage for the cloud},
  author={Hansen, J.G. and Jul, E.},
  booktitle={Proceedings of the 1st ACM symposium on Cloud computing},
  pages={15--26},
  year={2010},
  organization={ACM}
}

@article{vaghani2010virtual,
  title={Virtual machine file system},
  author={Vaghani, S.B.},
  journal={ACM SIGOPS Operating Systems Review},
  volume={44},
  number={4},
  pages={57--70},
  year={2010},
  publisher={ACM}
}

@article{liao2011vmstore,
  title={VMStore: Distributed storage system for multiple virtual machines},
  author={Liao, X.F. and Li, H. and Jin, H. and Hou, H.X. and Jiang, Y. and Liu, H.K.},
  journal={SCIENCE CHINA Information Sciences},
  volume={54},
  number={6},
  pages={1104--1118},
  year={2011},
  publisher={Springer}
}

@article{rajan2010vdc,
 author = {Soundararajan, Vijayaraghavan and Anderson, Jennifer M.},
 title = {The impact of management operations on the virtualized datacenter},
 journal = {SIGARCH Comput. Archit. News},
 issue_date = {June 2010},
 volume = {38},
 issue = {3},
 month = {June},
 year = {2010},
 issn = {0163-5964},
 pages = {326--337},
 numpages = {12},
 url = {http://doi.acm.org/10.1145/1816038.1816003},
 doi = {http://doi.acm.org/10.1145/1816038.1816003},
 acmid = {1816003},
 publisher = {ACM},
 address = {New York, NY, USA},
 keywords = {cloud computing, datacenter management, management workload, virtual machine management},
} 

@inproceedings{clements2009deduplication,
  title={Decentralized deduplication in SAN cluster file systems},
  author={Clements, A.T. and Ahmad, I. and Vilayannur, M. and Li, J.},
  booktitle={Proceedings of the 2009 conference on USENIX Annual technical conference},
  pages={8--8},
  year={2009},
  organization={USENIX Association}
}

@misc{highperfnas,
  key = "highperfnas",
  title = {{Solving Boot Storms With High Performance NAS}},
  howpublished = "\url{http://www.storage-switzerland.com/Articles/Entries/2011/1/3_Solving_Boot_Storms_With_High_Performance_NAS.html}",
  year = {2011},
  note = "[Accessed 1-August-2011]"
}

@inproceedings{qureshi2009bills,
  title={Cutting the electric bill for internet-scale systems},
  author={Qureshi, A. and Weber, R. and Balakrishnan, H. and Guttag, J. and Maggs, B.},
  booktitle={Proceedings of the ACM SIGCOMM 2009 conference on Data communication},
  pages={123--134},
  year={2009},
  organization={ACM}
}


@phdthesis{bruening2004dr,
  title={Efficient, transparent, and comprehensive runtime code manipulation},
  author={Bruening, D.L.},
  year={2004},
  school={Citeseer}
}

@inproceedings{luk2005pin,
  title={Pin: building customized program analysis tools with dynamic instrumentation},
  author={Luk, C.K. and Cohn, R. and Muth, R. and Patil, H. and Klauser, A. and Lowney, G. and Wallace, S. and Reddi, V.J. and Hazelwood, K.},
  booktitle={ACM SIGPLAN Notices},
  volume={40},
  number={6},
  pages={190--200},
  year={2005},
  organization={ACM}
}

@article{bergan2010dos,
  title={Deterministic process groups in dOS},
  author={Bergan, T. and Hunt, N. and Ceze, L. and Gribble, S.D.},
  journal={9th OSDI},
  year={2010}
}

@article{marek2011scaling,
  title={Scaling deterministic multithreading},
  author={Olszewski, M. and Ansel, J. and Amarasinghe, S.},
  journal={2nd WoDet},
  year={2011}
}

@inproceedings{patil2010pinplay,
  title={Pinplay: a framework for deterministic replay and reproducible analysis of parallel programs},
  author={Patil, H. and Pereira, C. and Stallcup, M. and Lueck, G. and Cownie, J.},
  booktitle={Proceedings of the 8th annual IEEE/ACM international symposium on Code generation and optimization},
  pages={2--11},
  year={2010},
  organization={ACM}
}


@inproceedings{stephenson2010mainstream,
  title={Statistically regulating program behavior via mainstream computing},
  author={Stephenson, M.W. and Rangan, R. and Yashchin, E. and Van Hensbergen, E.},
  booktitle={Proceedings of the 8th annual IEEE/ACM international symposium on Code generation and optimization},
  pages={238--247},
  year={2010},
  organization={ACM}
}

@misc{mahkovec2005bootchart,
  key = "mahkovec2005bootchart",
  title = {{Bootchart: Boot Process Performance Visualization}},
  howpublished = "\url{http://www.bootchart.org}",
  year = {2011}, 
  note = "[Accessed 29-July-2011]"
}

@misc{
  title={Bootchart},
  author={Mahkovec, Z.},
  year={2005},
  publisher={Webpage},
  url    = "http://engineering.purdue.edu/~mark/puthesis",
}

@inproceedings{newsome2005dynamic,
  title={Dynamic taint analysis for automatic detection, analysis, and signature generation of exploits on commodity software},
  author={Newsome, J. and Song, D.},
  year={2005},
  organization={Citeseer}
}
